<record><leader>00000cas a22000007i 4500</leader><controlfield tag="001">863053690</controlfield><controlfield tag="006">m        d        </controlfield><controlfield tag="007">cr |n|000|||||</controlfield><controlfield tag="008">030605d18901947oruwr neo     0   a0eng  </controlfield><datafield ind1=" " ind2=" " tag="010"><subfield code="a">  2013271951</subfield></datafield><datafield ind1=" " ind2=" " tag="040"><subfield code="a">Nz</subfield><subfield code="b">eng</subfield><subfield code="e">rda</subfield><subfield code="c">Z5A</subfield><subfield code="d">DLC</subfield><subfield code="d">OCLCF</subfield></datafield><datafield ind1="0" ind2=" " tag="022"><subfield code="a">2333-1313</subfield><subfield code="2">1</subfield></datafield><datafield ind1="0" ind2=" " tag="029"><subfield code="a">NZ1</subfield><subfield code="b">15129542</subfield></datafield><datafield ind1=" " ind2=" " tag="042"><subfield code="a">msc</subfield><subfield code="a">nsdp</subfield></datafield><datafield ind1=" " ind2=" " tag="043"><subfield code="a">n-us-or</subfield></datafield><datafield ind1="1" ind2="0" tag="050"><subfield code="a">ISSN RECORD</subfield></datafield><datafield ind1="0" ind2="0" tag="082"><subfield code="a">071</subfield><subfield code="2">23</subfield></datafield><datafield ind1="0" ind2=" " tag="130"><subfield code="a">Dalles weekly chronicle (Online)</subfield></datafield><datafield ind1=" " ind2="4" tag="222"><subfield code="a">The Dalles weekly chronicle</subfield><subfield code="b">(Online)</subfield></datafield><datafield ind1="1" ind2="4" tag="245"><subfield code="a">The Dalles weekly chronicle.</subfield></datafield><datafield ind1="1" ind2="3" tag="246"><subfield code="a">Weekly chronicle</subfield></datafield><datafield ind1="1" ind2="3" tag="246"><subfield code="a">Dalles chronicle</subfield></datafield><datafield ind1="1" ind2="3" tag="246"><subfield code="a">Dalles chronicle, weekly</subfield></datafield><datafield ind1=" " ind2="1" tag="264"><subfield code="a">The Dalles, Oregon :</subfield><subfield code="b">[publisher not identified],</subfield><subfield code="c">1890-</subfield></datafield><datafield ind1=" " ind2=" " tag="300"><subfield code="a">1 online resource</subfield></datafield><datafield ind1=" " ind2=" " tag="310"><subfield code="a">Weekly</subfield></datafield><datafield ind1=" " ind2=" " tag="336"><subfield code="a">text</subfield><subfield code="b">txt</subfield><subfield code="2">rdacontent</subfield></datafield><datafield ind1=" " ind2=" " tag="337"><subfield code="a">computer</subfield><subfield code="b">c</subfield><subfield code="2">rdamedia</subfield></datafield><datafield ind1=" " ind2=" " tag="338"><subfield code="a">online resource</subfield><subfield code="b">cr</subfield><subfield code="2">rdacarrier</subfield></datafield><datafield ind1="1" ind2=" " tag="362"><subfield code="a">Began with vol. 1, number 1 (December 20, 1890); ceased July 24, 1947.</subfield></datafield><datafield ind1=" " ind2=" " tag="500"><subfield code="a">Official paper of Wasco County," Jan. 15, 1892-.</subfield></datafield><datafield ind1=" " ind2=" " tag="580"><subfield code="a">Also issued in a daily ed. with title: The Dalles daily chronicle; continued as the Sunday issue of the daily ed. with the issue for Aug. 3, 1947.</subfield></datafield><datafield ind1=" " ind2=" " tag="588"><subfield code="a">Description based on: Vol. 1, number 1 (December 20, 1890); title from masthead (Chroniclingamerica.loc.gov, viewed February 3, 2014).</subfield></datafield><datafield ind1=" " ind2=" " tag="588"><subfield code="a">Latest issue consulted: Vol. IX, no. 11 (December 31, 1898) (Chroniclingamerica.loc.gov, viewed February 3, 2014).</subfield></datafield><datafield ind1=" " ind2="0" tag="651"><subfield code="a">Dalles (Or.)</subfield><subfield code="v">Newspapers.</subfield></datafield><datafield ind1=" " ind2="7" tag="655"><subfield code="a">Newspapers.</subfield><subfield code="2">fast</subfield><subfield code="0">(OCoLC)fst01423814</subfield></datafield><datafield ind1=" " ind2="7" tag="651"><subfield code="a">Oregon</subfield><subfield code="z">Dalles.</subfield><subfield code="2">fast</subfield><subfield code="0">(OCoLC)fst01218827</subfield></datafield><datafield ind1=" " ind2=" " tag="752"><subfield code="a">United States</subfield><subfield code="b">Oregon</subfield><subfield code="c">Wasco</subfield><subfield code="d">Dalles.</subfield></datafield><datafield ind1="0" ind2="8" tag="776"><subfield code="i">Originally issued in print:</subfield><subfield code="t">Dalles weekly chronicle</subfield><subfield code="x">2333-1305</subfield><subfield code="w">(DLC)  2003260222</subfield><subfield code="w">(OCoLC)52378445</subfield></datafield><datafield ind1="1" ind2="4" tag="785"><subfield code="t">Dalles daily chronicle (Online)</subfield><subfield code="x">2333-133X</subfield><subfield code="w">(DLC)  2013271910</subfield><subfield code="w">(OCoLC)863053806</subfield></datafield><datafield ind1="4" ind2="0" tag="856"><subfield code="u">http://www.loc.gov/chroniclingamerica/lccn/2003260222/issues</subfield></datafield></record>